@book{patterson,
	title={Organização e projeto de computadores},
	subtitle={A interface hardware/software},
	author={David A. Patterson},
	isbn={9780124077263},
	year={2017},
	publisher={Elsevier}
}

@online{edson,
	author = {Edson Borin},
	title = {Organização básica de computadores e linguagem de montagem},
	date = {2016},
	url = {https://www.ic.unicamp.br/~edson/disciplinas/mc404/2016-2s/abef/slides/mc404_07.introducao_arm.pdf},
}

@online{pdf_estranho,
	author = {desconhecido},
	title = {ARM: características gerais},
	date = {desconhecido},
	url = {https://www.ic.unicamp.br/~celio/mc404-2014/docs/anidocaps1e6.pdf},
}

@manual{manual_intel,
	editor = {Intel},
	title = {ARM Architecture Reference Manual},
	date = {2000},
	language = {English},
	url = {https://www.intel.com/content/dam/www/programmable/us/en/pdfs/literature/third-party/ddi0100e_arm_arm.pdf},
	urldate={27/06/2021}
}
